74800000         217981515000112                    00437 0000000011578 CABANGU CAMPESTRE CLUBE       SICREDI                                 12308202312284800009508101600                                                                     
74800011R01  040 2017981515000112                    00437 0000000011578 CABANGU CAMPESTRE CLUBE                                                                                       000000952308202300000000                                 
7480001300001P 0100437 0000000011578 23237501800000000000111220000037501000001009202300000000001650000000 03N23082023210102023000000000000105000000000000000000000000000000000000000000000000000000                         3001000090000000000 
7480001300002Q 011000005764794625WAGNER BEZERRA DIAS                     R. FAGUNDES 160                                        36240000Santos Dumont  MG0                                                       000                            
7480001300003P 0100437 0000000011578 23237502400000000000111220000037502000001009202300000000001650000000 03N23082023210102023000000000000105000000000000000000000000000000000000000000000000000000                         3001000090000000000 
7480001300004Q 011000003380420670ADALECIO ESTEVES COSTA                  Av Palmira130                                          36240000Santos Dumont  MG0                                                       000                            
7480001300005P 0100437 0000000011578 23237503000000000000111220000037503000001009202300000000001650000000 03N23082023210102023000000000000105000000000000000000000000000000000000000000000000000000                         3001000090000000000 
7480001300006Q 011000082005966649ADENILSON DOS SANTOS ARAUJO             R. OTAVIO SOARES348                                    36240000Santos Dumont  MG0                                                       000                            
74800015         00000800000000000000000000000000000000000000000000000000000000000000000000000000000000000000000000                                                                                                                             
74899999         000001000010000000                                                                                                                                                                                                           
